<record><leader>00000cas a22000001a 4500</leader><controlfield tag="001">31852524</controlfield><controlfield tag="007">hd bfb018baca</controlfield><controlfield tag="007">hd bfb018baaa</controlfield><controlfield tag="008">950118d19481949nyudn nea     0    0eng c</controlfield><datafield ind1=" " ind2=" " tag="010"><subfield code="a">sn 94080802 </subfield></datafield><datafield ind1=" " ind2=" " tag="040"><subfield code="a">NN</subfield><subfield code="b">eng</subfield><subfield code="c">RQM</subfield><subfield code="d">OCLCQ</subfield></datafield><datafield ind1=" " ind2=" " tag="012"><subfield code="i">9411</subfield></datafield><datafield ind1=" " ind2=" " tag="042"><subfield code="a">pcc</subfield></datafield><datafield ind1=" " ind2=" " tag="043"><subfield code="a">n-us-ny</subfield></datafield><datafield ind1="0" ind2="0" tag="245"><subfield code="a">New York post and the home news</subfield><subfield code="h">[microform].</subfield></datafield><datafield ind1="3" ind2="0" tag="246"><subfield code="a">New York post home news</subfield></datafield><datafield ind1=" " ind2=" " tag="260"><subfield code="a">New York, N.Y. :</subfield><subfield code="b">New York Post,</subfield><subfield code="c">1948-1949.</subfield></datafield><datafield ind1=" " ind2=" " tag="300"><subfield code="a">v. :</subfield><subfield code="b">ill.</subfield></datafield><datafield ind1=" " ind2=" " tag="310"><subfield code="a">Daily (except Sat.)</subfield></datafield><datafield ind1="0" ind2=" " tag="362"><subfield code="a">Vol. 147, no. 76 (Feb. 16, 1948)-v. 148, no. 307 (Nov. 13, 1949).</subfield></datafield><datafield ind1=" " ind2=" " tag="500"><subfield code="a">Published as: New York post home news, June 14, 1948-Nov. 13, 1949.</subfield></datafield><datafield ind1=" " ind2=" " tag="515"><subfield code="a">First issue v. 147, no. 76 (Feb. 16, 1948) is also numbered v. 42, no. 39, as a continuation of the Home news enumeration.</subfield></datafield><datafield ind1=" " ind2=" " tag="580"><subfield code="a">Formed by the union of: New York post (New York, N.Y. : 1934), and: Home news (New York, N.Y. : Bronx and Manhatten ed.).</subfield></datafield><datafield ind1=" " ind2=" " tag="533"><subfield code="a">Microfilm.</subfield><subfield code="m">v.147-148 (1948-1949):[Gaps] On film with related titles.</subfield><subfield code="b">New York :</subfield><subfield code="c">New York Public Library,</subfield><subfield code="d">[19--].</subfield><subfield code="e">420 microfilm reels ; 35 mm.</subfield></datafield><datafield ind1=" " ind2="4" tag="651"><subfield code="a">New York (N.Y.)</subfield><subfield code="v">Newspapers.</subfield></datafield><datafield ind1=" " ind2=" " tag="752"><subfield code="a">United States</subfield><subfield code="b">New York</subfield><subfield code="c">New York</subfield><subfield code="d">New York.</subfield></datafield><datafield ind1="1" ind2=" " tag="776"><subfield code="c">Original</subfield><subfield code="w">(DLC)sn 85042272</subfield></datafield><datafield ind1="1" ind2="4" tag="780"><subfield code="t">New York post (New York, N.Y. : 1934)</subfield><subfield code="w">(DLC)sn 94080801</subfield></datafield><datafield ind1="1" ind2="4" tag="780"><subfield code="t">Home news (New York, N.Y. : Bronx and Manhatten ed.)</subfield></datafield><datafield ind1="0" ind2="0" tag="785"><subfield code="t">New York post</subfield><subfield code="w">(DLC)sn 94080803</subfield></datafield><datafield ind1=" " ind2=" " tag="850"><subfield code="a">NN</subfield><subfield code="a">NN (master)</subfield></datafield><datafield ind1="1" ind2=" " tag="029"><subfield code="a">AU@</subfield><subfield code="b">000011542049</subfield></datafield></record>